<record><leader>00000cas a22000007a 4500</leader><controlfield tag="001">16823543</controlfield><controlfield tag="008">871007d189u1982ohuwr ne      0    0eng d</controlfield><datafield ind1=" " ind2=" " tag="010"><subfield code="a">sn 87075139 </subfield></datafield><datafield ind1=" " ind2=" " tag="040"><subfield code="a">ONP</subfield><subfield code="b">eng</subfield><subfield code="c">ONP</subfield><subfield code="d">OCLCQ</subfield></datafield><datafield ind1=" " ind2=" " tag="042"><subfield code="a">msc</subfield></datafield><datafield ind1="0" ind2=" " tag="130"><subfield code="a">Wellston telegram (Wellston, Ohio : 1898)</subfield></datafield><datafield ind1="1" ind2="4" tag="245"><subfield code="a">The Wellston telegram.</subfield></datafield><datafield ind1="3" ind2="0" tag="246"><subfield code="a">Telegram</subfield></datafield><datafield ind1=" " ind2=" " tag="260"><subfield code="a">Wellston, Ohio :</subfield><subfield code="b">Jno. E. Sylvester,</subfield><subfield code="c">-1982.</subfield></datafield><datafield ind1=" " ind2=" " tag="310"><subfield code="a">Weekly</subfield></datafield><datafield ind1="0" ind2=" " tag="362"><subfield code="a">-v. 93, no. 10 (Mar. 10, 1982).</subfield></datafield><datafield ind1=" " ind2=" " tag="500"><subfield code="a">Also published as: Telegram, Sept. 25-Dec. 25, 1980.</subfield></datafield><datafield ind1=" " ind2=" " tag="588"><subfield code="a">Description based on: Vol. 8, no. 27 (Aug. 19, 1898).</subfield></datafield><datafield ind1=" " ind2=" " tag="752"><subfield code="a">United States</subfield><subfield code="b">Ohio</subfield><subfield code="c">Jackson</subfield><subfield code="d">Wellston.</subfield></datafield><datafield ind1="0" ind2=" " tag="775"><subfield code="t">Daily telegram (Wellston, Ohio : 1905)</subfield><subfield code="w">(DLC)sn 89076217</subfield></datafield><datafield ind1="0" ind2="0" tag="780"><subfield code="t">Telegram (Wellston, Ohio : 1895)</subfield><subfield code="w">(DLC)sn 89076215</subfield></datafield><datafield ind1="0" ind2="0" tag="785"><subfield code="t">Telegram (Wellston, Ohio : 1982)</subfield><subfield code="w">(DLC)sn 87075138</subfield></datafield></record>